@BOOK{pre11,
author       = {Prevezanos, Christoph},  	
title        = {Computer-Lexikon 2012},
publisher    = {Markt+Technik},
year         = {2011},
address      = {M"unchen},
isbn         = {9783827247285},
}

@BOOK{lan13,
author		= {Lange, Walter and Bogdan, Martin},
title		= {Entwurf und Synthese von Eingebetteten Systemen: Ein Lehrbuch},
publisher 	= {Oldenbourg},
year 		= {2012},
address		= {M"unchen},
isbn 		= {3486718401},	
}

@BOOK{rec06,
author		= {Rechenberg, Peter},
title		= {Informatik-Handbuch}, 
publisher	= {Hanser}, 
year		= {2006},
address		= {M"unchen},
isbn 		= {9783446401853},
}

@BOOK{schmi13, 
author		= {Schmidt, Maik}, 
title		= {Raspberry Pi. Einstieg, Optimierung, Projekte}, 
publisher	= {dpunkt}, 
year		= {2013}, 
address		= {Heidelberg}, 
isbn		= {9783864900327},
}

@ARTICLE{buh08,
author		= {Buhl, Hans and Laartz, J"urgen},
title		= {Warum Green IT nicht ausreicht -- oder: Wo m"ussen wir heute anpacken, damit es uns "ubermorgen immer noch gut geht},
journal 	= {Wirtschaftsinformatik},
year		= {2008},
note 		= {\url{http://dx.doi.org/10.1365/s11576-008-0058-5}},
pages		= {261--265}, 	
}

@ARTICLE{cox13,
author		= {Cox, Simon and Cox, James and Boardman, Richard and others},
title		= {Iridis-pi: A Low-cost, Compact Demonstration Cluster},
journal		= {Cluster Computing},
year		= {2013},
note 		= {\url{http://dx.doi.org/10.1007/s10586-013-0282-7}},
pages		= {1-10},
}

@ARTICLE{cur76,
author		= {Curnow, Harold and Wichmann, Brian},
title		= {A Synthetic Benchmark},
journal		= {The Computer Journal},
year 		= {1976},
note		= {\url{http://http://comjnl.oxfordjournals.org/content/19/1/43.full.pdf}},
pages		= {43--49},
}

@ARTICLE{dac13,
author		= {Da Costa, Georges},
title		= {Heterogenity: The Key to Achieve Power-Proportional Computing}, 
journal		= {Cluster Computing and the Grid, IEEE International Symposium on},
year 		= {2013},	
note		= {\url{http://doi.ieeecomputersociety.org/10.1109/CCGrid.2013.90}}, 
pages		= {656--662}, 
}

@ARTICLE{dix91,
author		= {Dixit, Kaivala}, 
title		= {The SPEC Benchmarks}, 
journal 	= {Parallel Computing}, 
year 		= {1991},
note 		= {\url{http://people.cs.uchicago.edu/~chliu/doc/benchmark/chapter9.pdf}}, 
pages		= {1195-â€“1209}, 
}

@ARTICLE{don03,
author 		= {Dongarra, Jack and Luszczek, Piotr and Petitet, Antoine},
title 		= {The LINPACK Benchmark: Past, Present and Future},
journal 	= {Concurrency and Computation: Practice and Experience},
year 		= {2003},
note 		= {\url{http://onlinelibrary.wiley.com/doi/10.1002/cpe.728/pdf}},
pages 		= {803--820},	
}

@ARTICLE{mcc95,
author      = {McCalpin, John},
title       = {A Survey of Memory Bandwidth and Machine Balance in Current High Performance Computers},
journal     = {IEEE TCCA Newsletter},
year        = {1995},
note        = {\url{http://www.cs.virginia.edu/~mccalpin/papers/balance}},
pages       = {19--25},
}

@ARTICLE{pow12, 
author	    = {Powers, Shawn}, 
title	    = {The Open-source Classroom: Your First Bite of Raspberry Pi}, 
journal	    = {Linux Journal}, 
year 	    = {2012}, 
note 	    = {\url{http://dl.acm.org/ft_gateway.cfm?id=2422332&ftid=1329297&dwn=1&CFID=403460446&CFTOKEN=89580898}},
pages	    = {48--54},
}

@ARTICLE{wei90,
author 		= {Weicker, Reinhold},
title 		= {An Overview of Common Benchmarks},
journal 	= {Computer},
year 		= {1990},
note 		= {\url{http://dlojewski.dl.funpic.de/download/Diplomarbeit/Andere\_Dok/Dhry\_Whet/OverviewOfCommonBenchmarks.pdf}},
pages 		= {65--75},	
}

@INPROCEEDINGS{ala06, 
author		= {Alam, Sadaf and Barrett, Richard and Kuehn, Jeffery and others},
title		= {Characterization of Scientific Workloads on Systems with Multi-Core Processors},
booktitle	= {Workload Characterization, 2006 IEEE International Symposium on},
year 		= {2006},
pages		= {225--236},
note 		= {\url{http://ft.ornl.gov/~vetter/pubs/2006-10_iiswc06_multicore.pdf}},
}

@INPROCEEDINGS{con05,
author		= {Contreras, Gilberto and Martonosi, Margaret},
title		= {Power Prediction for Intel XScale Processors Using Performance Monitoring Unit Events},
booktitle 	= {Low Power Electronics and Design, 2005. ISLPED '05. Proceedings of the 2005 International Symposium on}, 
year		= {2005},
pages		= {221--226},
note 		= {\url{http://citeseerx.ist.psu.edu/viewdoc/download?doi=10.1.1.64.6138&rep=rep1&type=pdf}},
}

@INPROCEEDINGS{dho02,
author		= {Dhodapkar, Ashutosh and Smith, James},
title		= {Managing Multi-Configuration Hardware via Dynamic Working Set Analysis},
booktitle	= {Computer Architecture, 2002. Proceedings. 29th Annual International Symposium on},
year		= {2002},
pages		= {233--244},
note 		= {\url{http://jes.ece.wisc.edu/papers/isca02_ashutosh.pdf}},
}

@INPROCEEDINGS{joh01,
author 		= {Johnson, Martin and Hawick, Ken},
title 		= {Empirical Measurement of Instruction Level Parallelism for Four Generations of ARM CPUs},
booktitle 	= {Proceedings of the 2013 International Workshop on Programming Models and Applications for Multicores and Manycores},
year 		= {2013},
pages 		= {101--106},
note 		= {\url{http://doi.acm.org/10.1145/2442992.2443003}},
}

@INPROCEEDINGS{mck2004,
author      = {McKee, Sally},
title       = {Reflections on the Memory Wall},
booktitle   = {Proceedings of the 1st Conference on Computing Frontiers},
year        = {2004},
pages       = {162--168},
note        = {\url{http://www.cse.chalmers.se/~mckee/papers/cf04.pdf}},
}

@INPROCEEDINGS{sha08,
author 		= {Shan, Hongzhang and Antypas, Katie and Shalf, John},
title 		= {Characterizing and Predicting the I/O Performance of HPC Applications Using a Parameterized Synthetic Benchmark},
booktitle 	= {Proceedings of the 2008 ACM/IEEE Conference on Supercomputing},
year 		= {2008},
pages 		= {42:1--42:12},
note 		= {\url{http://dl.acm.org/citation.cfm?id=1413370.1413413}},
}

@MANUAL{scrguide01,
author 		= {Beale, Clive and Croston, Ben and Hague, Andrew and others},
title 		= {The Raspberry Pi Education Manual},
year 		= {2012},
month 		= dec,
note 		= {\url{http://downloads.raspberrypi.org/Raspberry_Pi_Education_Manual.pdf}},
}

@MANUAL{scrguide02,
author		= {Langer, Alexander},
title 		= {Raspberry Pi Handbuch},
year 		= {2012}, 
month 		= feb, 
note 		= {\url{http://raspberrycenter.de/handbuch/raspberry-pi-handbuch}},
}

@MANUAL{scrguide03,
title		= {Benutzerhandbuch EGM-PWM-LAN},
year		= {2014},
month		= jan, 
note		= {\url{http://energenie.com/Repository/6736/EGM-PWM-LAN_manual---fe4469f6-23eb-40be-8c86-e83faf6a2c5b.pdf}},
}

@TECHREPORT{asa06,
author		= {Asanovic, Krste and Bodik, Ras and Catanzaro, Bryan and others},
title		= {The Landscape of Parallel Computing Research: A View from Berkeley},
institution	= {EECS Department, University of California},
year		= {2006},
address		= {Berkeley},
month		= dec, 
note 		= {\url{http://www.eecs.berkeley.edu/Pubs/TechRpts/2006/EECS-2006-183.pdf}},
}

@TECHREPORT{fich13,
author		= {Fichter, Klaus and Hintermann, Ralph},
title		= {Energieverbrauch und Energiekosten von Servern und Rechenzentren in Deutschland. Aktuelle Trends und Einsparpotenziale bis 2015},
institution = {Borderstep Institut f"ur Innovation und Nachhaltigkeit},
year		= {2012},
address		= {Berlin},
month 		= may,
note		= {\url{http://www.bitkom.org/files/documents/Kurzstudie__Borderstep_l_Rechenzentren(1).pdf}},
}

@TECHREPORT{lus05, 
author		= {Luszcek, Piotr and Dongarra, Jack and Koester, David and others},
title		= {Introduction to the HPC Challenge Benchmark Suite},
institution	= {Lawrence Berkeley National Laboratory},
year 		= {2005},
address		= {Berkeley},
month 		= apr,
note 		= {\url{http://escholarship.org/uc/item/6sv079jp}}, 
}

@UNPUBLISHED{bal12,
author		= {Balakrishnan, Nikilesh},  
title 		= {Building and Benchmarking a Low Power ARM Cluster},
note 		= {\url{http://www.epcc.ed.ac.uk/sites/default/files/Dissertations/2011-2012/Submission-1126390.pdf}},
year		= {2012},
}

@UNPUBLISHED{don01,
author 		= {Dongarra, Jack and Heroux, Michael},
title		= {Toward a New Metric for Ranking High Performance Computing Systems},
note 		= {\url{http://www.sandia.gov/~maherou/docs/HPCG-Benchmark.pdf}},	
year		= {2013},
}

@UNPUBLISHED{kie01,
author 		= {Kiepert, Joshua},
title 		= {Creating a Raspberry Pi-Based Bewoulf Cluster},
note 		= {\url{http://coen.boisestate.edu/ece/files/2013/05/Creating.a.Raspberry.Pi-Based.Beowulf.Cluster_v2.pdf}},
year 		= {2013},
}

@UNPUBLISHED{kli13,
author		= {Klinger, Maximilian},
title		= {Evaluating the Feasibility and Performance of a Model Raspberry Pi Beowulf Cluster},
note 		= {\url{http://www.nm.ifi.lmu.de/pub/Fopras}},
year		= {2013},
}

@UNPUBLISHED{mcc05,
author      = {McCalpin, John},
title       = {STREAM Benchmark},
note        = {\url{http://www.cs.virginia.edu/~mccalpin/STREAM_Benchmark_2005-01-25.pdf}},
year        = {2005}
}

@UNPUBLISHED{pie12,	
author		= {Pietrzyk, Johannes},
title		= {Projekt Parallelrechnerevaluation},
note		= {\url{http://wr.informatik.uni-hamburg.de/_media/research/labs/2012/2012-02-johannes_pietrzyk-auswirkungen_verschiedener_parameter_des_linpack_benchmarks_auf_den_energieverbrauch-report.pdf}},
year		= {2012},
}

@UNPUBLISHED{ou13,
author 		= {Ou, Jun},
title 		= {Pi and the Sky},
note 		= {\url{https://www.duo.uio.no/bitstream/10852/37445/4/Ou-Jun.pdf}},
year 		= {2013},
}

@UNPUBLISHED{reg01,
author		= {Regala, Miguel},
title		= {DPM Performance Testing Using Raspberry Pis. DPM Disk Pool Manager},
note 		= {\url{http://cds.cern.ch/record/1624079/files/dpm_raspis.pdf}},
year		= {2013},
}