@BOOK{pre11,
	author       = {Prevezanos, Christoph},  	
	title        = {Computer-Lexikon 2012},
	publisher    = {Markt+Technik},
	address      = {M"unchen},
	isbn         = {9783827247285},
	year         = {2011},
}

%@MANUAL{scrguide07,
%  author       = {Kohm, Markus and Morawski, Jens-Uwe},
%  title        = {KOMA-Script -- Die Anleitung},
%  year         = {2011},
%  month        = apr,
%  note         = {\url{http://www.bitlib.net/mirror/ctan/macros/latex/contrib/koma-script/scrguide.pdf}},
%}

@MISC{itwissen01,
	title 		= {ITWissen. Das gro\ss e Lexikon f"ur Informationstechnologie},
  	howpublished = {\url{http://www.itwissen.info/definition/lexikon/Benchmark-benchmark.html}},
  	note	 		= {Accessed: 2013-12-16},
}

@MISC{itwissen02,
	title 		= {ITWissen. Das gro\ss e Lexikon f"ur Informationstechnologie},
  	howpublished = {\url{http://www.itwissen.info/definition/lexikon/Leistung-P-power.html}},
  	note 		= {Accessed: 2013-12-16},
}

@MISC{itwissen03,
	title		= {ITWissen. Das gro\ss e Lexikon f"ur Informationstechnologie},
  	howpublished = {\url{http://www.itwissen.info/definition/lexikon/Performance-performance.html}},
  	note 		= {Accessed: 2013-12-16},
}

@MISC{wiki01,
	title 		= {Wikipedia. Die freie Enzyklop"adie},
  	howpublished = {\url{http://de.wikipedia.org/wiki/Rechenleistung}},
  	note 		= {Accessed: 2013-12-16},
}

@MISC{wiki02,
	title 		= {Wikipedia. Die freie Enzyklop"adie},
  	howpublished = {\url{http://de.wikipedia.org/wiki/Leistung\_(Informatik)}},
  	note 		= {Accessed: 2013-12-16},
}

@MISC{wiki03,
	title 		= {Wikipedia. Die freie Enzyklop"adie},
  	howpublished = {\url{http://de.wikipedia.org/wiki/Benchmark}},
  	note 		= {Accessed: 2013-12-16},
}

@ARTICLE{bal12,
	author		= {Balakrishnan, Nikilesh},  
  	title 		= {Building and benchmarking a low power ARM cluster},
  	year			= {2012},
  	month 		= aug,
  	note 		= {\url{http://www.epcc.ed.ac.uk/sites/default/files/Dissertations/2011-2012/Submission-1126390.pdf}},
}

@ARTICLE{con05,
	author		= {Contreras, Gilberto and Martonosi, Margaret},
	title		= {Power Prediction for Intel XScale Processors Using Performance Monitoring Unit Events},
	year			= {2005},
	month 		= aug,
	note 		= {\url{http://citeseerx.ist.psu.edu/viewdoc/download?doi=10.1.1.64.6138&rep=rep1&type=pdf}},
	pages		= {221--226},
}

@ARTICLE{cox13,
	author		= {Cox, Simon J. and Cox, James T. and Boardman, Richard P. and Johnston, Steven J. and Scott, Mark and O'Brien, Neil S.},
	title		= {Iridis-pi: a low-cost, compact demonstration cluster},
	journal		= {Cluster Computing},
	year			= {2013},
	month 		= jun, 
	note 		= {\url{http://dx.doi.org/10.1007/s10586-013-0282-7}},
	pages		= {1-10},
}

@ARTICLE{cur76,
	author		= {Curnow, and Wichmann, Brian A.},
	title		= {A Synthetic Benchmark},
	journal		= {The Computer Journal},
	year 		= {1976},
	note			= {\url{http://http://comjnl.oxfordjournals.org/content/19/1/43.full.pdf}},
	pages		= {43--49},
	volume		= {19},
}

@ARTICLE{dac13,
	author		= {Da Costa, Georges},
	title		= {Heterogenity: The Key to Achieve Power-Proportional Computing}, 
	journal		= {Cluster Computing and the Grid, IEEE International Symposium on},
	year 		= {2013},	
	month		= may,  
 	note			= {\url{http://doi.ieeecomputersociety.org/10.1109/CCGrid.2013.90}}, 
	pages		= {656--662}, 
	volume 		= {0},
}

@ARTICLE{don03,
	author 		= {Dongarra, Jack J. and Luszczek, Piotr and Petitet, Antoine},
	title 		= {The LINPACK Benchmark: past, present and future},
	journal 	= {Concurrency and Computation: Practice and Experience},
	year 		= {2003},
	month 		= aug, 
	note 		= {\url{http://onlinelibrary.wiley.com/doi/10.1002/cpe.728/pdf}},
	pages 		= {803--820},	
	volume 		= {15},
}

@INPROCEEDINGS{dho02,
	author		= {Dhodapkar, Ashutosh S. ans Smith, James E.},
	title		= {Managing Multi-Configuration Hardware via Dynamic Working Set Analysis},
	booktitle	= {Computer Architecture, 2002. Proceedings. 29th Annual International Symposium on},
	year		= {2002},
	pages		= {233--244},
	note 		= {\url{http://jes.ece.wisc.edu/papers/isca02_ashutosh.pdf}},
	publisher	= {IEEE Press},
	address		= {Piscataway},
}

@INPROCEEDINGS{sha08,
	author 		= {Shan, Hongzhang and Antypas, Katie and Shalf, John},
 	title 		= {Characterizing and Predicting the I/O Performance of HPC Applications Using a Parameterized Synthetic Benchmark},
 	booktitle 	= {Proceedings of the 2008 ACM/IEEE Conference on Supercomputing},
 	year 		= {2008},
 	pages 		= {42:1--42:12},
 	note 		= {\url{{http://dl.acm.org/citation.cfm?id=1413370.1413413}},
 	publisher 	= {IEEE Press},
 	address 	= {Piscataway},
}

@INPROCEEDINGS{joh01,
 	author 		= {Johnson, Martin and Hawick, Ken},
 	title 		= {Empirical Measurement of Instruction Level Parallelism for Four Generations of ARM CPUs},
 	booktitle 	= {Proceedings of the 2013 International Workshop on Programming Models and Applications for Multicores and Manycores},
	year 		= {2013},
	pages 		= {101--106},
 	note 		= {\url{http://doi.acm.org/10.1145/2442992.2443003}},
 	publisher 	= {ACM},
 	address 	= {New York},
}

%@TECHREPORT{asa06,
%	author		= {{Asanovic, Krste and Bodik, Ras and Catanzaro, Bryan C. and Gebis, Joseph J. and Husbands, Parry and Keutzer, Kurt and Patterson, David A. and Plishker, William Lester and Shalf, John and Williams, Samuel Webb and Yelick, Katherine A.},
%	title		= {The Landscape of Parallel Computing Research: A View from Berkeley},
%	year			= {2006},
%	month		= dec, 
%	note 		= {\url{http://www.eecs.berkeley.edu/Pubs/TechRpts/2006/EECS-2006-183.pdf}},
%	publisher	= {EECS Department, University of California},
%	address		= {Berkeley},
%}

%@TECHREPORT{lus05, 
%	author		= {Luszcek, Piotr and Dongarra, Jack J. and Koester, David and Rabenseifner, Rolf and Lucas, Bob and Kepner, Jeremy},
%	year			= {Introduction to the HPC Challenge Benchmark Suite},
%	year 		= {2005},
%	month 		= apr,
%	note 		= {\url{http://escholarship.org/uc/item/6sv079jp}}, 
%	publisher	= {Lawrence Berkeley National Laboratory},
%	address		= {Berkeley},
%}

@UNPUBLISHED{don01,
	author 		= {Dongarra, Jack J. and Heroux, Michael A.},
	title		= {Toward a New Metric for Ranking High Performance Computing Systems},
	year			= {2013},
	month		= jun, 
	note 		= {\url{http://www.sandia.gov/~maherou/docs/HPCG-Benchmark.pdf}},	
	publisher	= {Sandia National Laboratories},
	address		= {Albuquerque and Livermore},
}

@UNPUBLISHED{kie01,
	author 		= {Kiepert, Joshua},
	title 		= {Creating a Raspberry Pi-Based Bewoulf Cluster},
	year 		= {2013},
	month 		= may,
	note 		= {\url{http://http://coen.boisestate.edu/ece/files/2013/05/Creating.a.Raspberry.Pi-Based.Beowulf.Cluster_v2.pdf}},
	publisher 	= {Boise State University},
	address		= {Boise},
}

@UNPUBLISHED{kli13,
	author		= {Klinger, Maximilian},
	title		= {Evaluation der Machbarkeit und Leistung eines Raspberry Pi Beowulf Modell Clusters},
	year		= {2013},
	month		= dec,
%	note 		= {\url{}},
	publisher	= {Ludwig-Maximilians-Universit"at},
	address		= {M"unchen},
}

@UNPUBLISHED{lin01,
	author 		= {Lindinger, Tobias},
	title 		= {Optimierung des Wirkungsgrades virtueller Infrastrukturen},
	year 		= {2010},
	month 		= feb,
	note 		= {\url{http://nbn-resolving.de/urn:nbn:de:bvb:19-111206}},
	publisher 	= {Ludwig-Maximilians-Universit"at},
	address		= {M"unchen},
}

@UNPUBLISHED{ou01,
	author 		= {Ou, Jun},
	title 		= {Pi and the Sky},
	year 		= {2013},
	month 		= may,
	note 		= {\url{https://www.duo.uio.no/bitstream/10852/37445/4/Ou-Jun.pdf}},
	publisher 	= {University of Oslo},
	address		= {Oslo},
}

@UNPUBLISHED{reg01,
	author		= {Regala, Miguel},
	title		= {DPM Performance Testing Using Raspberry Pis. DPM Disk Pool Manager},
	year			= 2013,
	month		= nov,
	note 		= {\url{http://cds.cern.ch/record/1624079/files/dpm_raspis.pdf}},
	publisher	= {CERN},
	address		= {Genf},
}


